@book{van1995python,
  title={Python reference manual},
  author={Van Rossum, Guido and Drake, Fred L and others},
  year={1995},
  publisher={Centrum voor Wiskunde en Informatica Amsterdam}
}
@article{python2021python,
  title={Python},
  author={Python, Why},
  journal={Python Releases Wind},
  volume={24},
  year={2021},
  publisher={Citeseer}
}